@inproceedings{svenda2013towards,
  title={Towards cryptographic function distinguishers with evolutionary circuits},
  author={Petr Švenda and Martin Ukrop and Matyáš, Vashek},
  booktitle={Security and Cryptography (SECRYPT), 2013 International Conference on},
  pages={1--12},
  year={2013},
  organization={IEEE}
}

@article{kubicek2016new,
  title={{New results on reduced-round Tiny Encryption Algorithm using genetic programming}},
  author={Karel Kubíček and Jiří Novotný and Petr Švenda and Martin Ukrop},
  journal={INFOCOMMUNICATIONS JOURNAL},
  volume={8},
  number={1},
  pages={2--9},
  year={2016},
  url = {http://crocs.fi.muni.cz/_media/public/papers/infocom/infocommunications2016.pdf},
  publisher={SCIENTIFIC ASSOC INFOCOMMUNICATIONS KOSSUTH LAJOS SQUARE 6-8, BUDAPEST, HUNGARY}
}

@thesis{obratilBcThesis,
    author = {Ľubomír Obrátil},
    title = {{Automated task management for BOINC infrastructure and EACirc project}},
    type = {bachelor thesis},
    institution = {Faculty of Informatics Masaryk University},
    year = {2015},
    url = {https://is.muni.cz/th/410282/fi_b/},
    urldate = {2016-12-15},
}

@thesis{ukropBcThesis,
    author = {Martin Ukrop},
    title = {{Usage of evolvable circuit for statistical testing of randomness}},
    type = {bachelor thesis},
    institution = {Faculty of Informatics Masaryk University},
    year = {2013},
    url = {https://is.muni.cz/th/374297/fi_b/},
    urldate = {2016-12-15},
}

@thesis{ukropMgrThesis,
    title={{Randomness analysis in authenticated encryption systems}},
    author={Martin Ukrop},
    type = {master thesis},
    institution = {Faculty of Informatics Masaryk University},
    url = {https://is.muni.cz/th/374297/fi_m/},
    urldate = {2016-12-15},
    year={2016}
}

@online{EACirc,
    author = {Petr Švenda and Jiří Novotný and Michal Hajas and Dušan Klinec and Karel Kubíček and Ľubomír Obrátil and Martin Ukrop and Marek Sýs and others},
    title = {EACirc},
    subtitle = {Framework for automatic search for problem solving circuit via Evolutionary algorithms},
    organization = {Centre for Research on Cryptography and Security, Masaryk University},
    year = {2012},
    url = {https://github.com/crocs-muni/eacirc},
    urldate = {2016-12-15},
}

@online{eaUtils,
    author = {Karel Kubíček and Jiří Novotný and Ľubomír Obrátil and Martin Ukrop},
    title = {EACirc-utils},
    subtitle = {Utilities for EACirc framework},
    organization = {Centre for Research on Cryptography and Security, Masaryk University},
    year = {2012},
    url = {https://github.com/crocs-muni/eacirc-utils},
    urldate = {2016-12-15},
}

@online{cryptoFunc,
    author = {Brad Conte},
    year = {2012},
    title = {crypto-algorithms},
    subtitle = {Basic implementations of standard cryptography algorithms},
    url = {https://github.com/B-Con/crypto-algorithms},
    urldate = {2016-12-16},
}

@online{teaWiki,
    author = {Wikipedia},
    year = {2013},
    title = {{Tiny Encryption Algorithm}},
    subtitle = {{Wikipedia, The Free Encyclopedia}},
    url = {https://en.wikipedia.org/w/index.php?title=Tiny_Encryption_Algorithm&oldid=748477062},
    urldate = {2016-12-16},
}

